@book{KnuthAOCP2,
 author = {Knuth, Donald E.},
 title = {The Art of Computer Programming, Volume 2 (3rd Ed.): Seminumerical Algorithms},
 year = {1997},
 isbn = {0-201-89684-2},
 publisher = {Addison-Wesley Longman Publishing Co., Inc.},
 address = {Boston, MA, USA},
} 

@article{Hoare1961,
 author = {Hoare, C. A. R.},
 title = {Algorithm 64: {Q}uicksort},
 journal = {Commun. ACM},
 issue_date = {July 1961},
 volume = {4},
 number = {7},
 month = jul,
 year = {1961},
 issn = {0001-0782},
 pages = {321},
 url = {http://doi.acm.org/10.1145/366622.366644},
 doi = {10.1145/366622.366644},
 acmid = {366644},
 publisher = {ACM},
 address = {New York, NY, USA},
}

@online{Graphics2D,
 author = {},
 key = {Java SE Documentation - Graphics},
 title = {Class Graphics2D},
 publisher = {Oracle},
 year = {2016},
 cited = {2016/03/09},
 note = {Java {SE} Documentation},
 url = {https://docs.oracle.com/javase/7/docs/api/java/awt/Graphics2D.html}
}

@book{Nielsen,
	author = {Michael Nielsen},
	title = {Neural Networks and Deep Learning},
	year = {2015},
	publisher = {Determination Press},
}

@online{f1_loss,
	author = {Michal Haltuf},
	key = {Best loss function for F1-score metric},
	title = {Best loss function for F1-score metric},
	publisher = {Kaggle},
	year = {2018},
	cited = {2019/12/29},
	note = {},
	url = {https://www.kaggle.com/rejpalcz/best-loss-function-for-f1-score-metric}
}

@online{f1_loss_towards,
	author = {Mohamed-Achref Maizas},
	key = {The Unknown Benefits of using a Soft-F1 Loss in Classification Systems},
	title = {The Unknown Benefits of using a Soft-F1 Loss in Classification Systems},
	publisher = {Towards Data Science},
	year = {2019},
	cited = {2020/01/06},
	note = {},
	url = {https://towardsdatascience.com/the-unknown-benefits-of-using-a-soft-f1-loss-in-classification-systems-753902c0105d}
}

@online{path_mind_NN,
	author = {Chris Nicholson},
	key = {Neural Networks and Deep Learning},
	title = {A Beginner's Guide to Neural Networks and Deep Learning},
	publisher = {pathmind},
	cited = {2020/01/02},
	note = {},
	url = {https://pathmind.com/wiki/neural-network}
}

@online{activation_functions_missing_link,
	key = {Neural Network Concepts},
	title = {7 Types of Neural Network Activation Functions: How to Choose?},
	publisher = {missinglink.ai},
	cited = {2020/01/08},
	note = {},
	url = {https://missinglink.ai/guides/neural-network-concepts/7-types-neural-network-activation-functions-right/}
}

@online{colahs_lstm,
	author = {Christopher Olah},
	key = {Understanding LSTM Networks},
	title = {Understanding LSTM Networks},
	publisher = {Colah's blog},
	year = {2015},
	cited = {2019/12/29},
	note = {},
	url = {https://colah.github.io/posts/2015-08-Understanding-LSTMs}
}

@online{colahs_attention,
	author = {Christopher Olah and Shan Carter},
	key = {Attention and Augmented Recurrent Neural Networks},
	title = {Attention and Augmented Recurrent Neural Networks},
	publisher = {Distill},
	year = {2016},
	cited = {2020/01/26},
	note = {},
	url = {https://distill.pub/2016/augmented-rnns/}
}

@online{nlp_devopedia,
	author = {Arvind Padmanabhan},
	key = {Natural Language Processing},
	title = {Natural Language Processing},
	publisher = {Devopedia},
	year = {2019},
	cited = {2019/12/29},
	note = {},
	url = {https://devopedia.org/natural-language-processing}
}

@book{python_ml_2nd,
	author = {Sebastian Raschka and Vahid Mirjalili},
	title = {Python Machine Learning},
	year = {2017},
	isbn = {9781787125933},
	publisher = {Packt Publishing},
	address = {Birmingham, UK},
}

@book{nlp_stanford,
	author = {Daniel Jurafsky and James H. Martin},
	title = {Speech and Language Processing: An Introduction to Natural Language Processing, Computational Linguistics, and Speech Recognition},
	year = {2019},
	address = {Stanford, CA, US},
}

@book{nlp_eisenstein,
	author = {Jacob Eisenstein},
	title = {Natural Language Processing (draft version)},
	year = {2018},
}

@article{word2vec,
	title={Efficient Estimation of Word Representations in Vector Space},
	author={Tomas Mikolov and Kai Chen and Gregory S. Corrado and Jeffrey Dean},
	journal={CoRR},
	year={2013},
	volume={abs/1301.3781}
}

@article{glove,
	author = {Jeffrey Pennington and Richard Socher and Christoper Manning},
	year = {2014},
	month = {01},
	pages = {1532-1543},
	title = {Glove: Global Vectors for Word Representation},
	volume = {14},
	journal = {EMNLP},
}

@book{ml_in_python,
	author = {Michael Bowles},
	title = {Machine Learning in Python: Essential Techniques for Predictive Analysis},
	year = {2015},
	isbn = {9781118961759},
	publisher = {John Wiley & Sons, Inc.},
	address = {Indianapolis, IN, USA},
}

@book{ml_probabilistic,
	author = {Kevin P. Murphy},
	title = {Machine learning: a probabilistic perspective},
	year = {2012},
	isbn = {9780262018029},
	publisher = {The MIT Press},
	address = {Massachusetts, MA, USA},
}

@book{ml_foundations,
	author = {Mehryar Mohri and Afshin Rostamizadeh and Ameet Talwalkar},
	title = {Foundations of Machine Learning},
	year = {2012},
	isbn = {9780262018258},
	publisher = {The MIT Press},
	address = {Massachusetts, MA, USA},
}

@online{mnist_page,
	author = {Yann LeCun and Corinna Cortes and Christopher J.C. Burges},
	key = {MNIST},
	title = {THE MNIST DATABASE of handwritten digits},
	year = {1998},
	cited = {2019/12/30},
	note = {},
	url = {http://yann.lecun.com/exdb/mnist/}
}

@book{genetic_algorithms,
	author = {Melanie Mitchell},
	title = {An Introduction to Genetic Algorithms},
	year = {1996},
	isbn = {9780262133166},
	publisher = {The MIT Press},
	address = {Massachusetts, MA, USA},
}

@book{decision_trees,
	author = {Lior Rokach and Oded Maimon},
	title = {DATA MINING WITH DECISION TREES Theory and Applications},
	year = {2015},
	isbn = {9789814590075},
	publisher = {World Scientific Publishing Co. Pte. Ltd.},
	address = {Toh Tuck Link, Singapore},
}


@book{deep_learning_with_python,
	author = {Francois Chollet},
	title = {Deep Learning with Python},
	year = {2018},
	isbn = {9781617294433},
	publisher = {Manning Publications Co.},
	address = {New York, NY, USA},
}

@article{Adam_paper,
	author = {Diederik P. Kingma and Jimmy Lei Ba},
	title = {Adam: A Method for Stochastic Optimization},
	journal = {conference paper at ICLR 2015},
	year = {2015},
	url = {https://arxiv.org/pdf/1412.6980.pdf},
	publisher = {Conference for Learning Representations},
	address = {San Diego, CA, USA},
}


@article{adagrad_paper,
	author = {John Duchi and Elad Hazan and Yoram Singer},
	title = {Adaptive Subgradient Methods for Online Learning and Stochastic Optimization},
	year = {2011},	
	issue_date = {February 2011},
	publisher = {JMLR.org},
	volume = {12},
	number = {null},
	issn = {1532-4435},	
	journal = {The Journal of Machine Learning Research},
	month = jul,
	pages = {2121â€“2159},
	numpages = {39}
}

@article{activation_functions_article,
	author = {Bekir Karlik and A Vehbi Olgac},
	title = {Performance Analysis of Various Activation Functions in Generalized MLP Architectures of Neural Networks},
	journal = {International Journal of Artificial Intelligence And Expert Systems},
	year = {2015},
	url = {https://www.cscjournals.org/manuscript/Journals/IJAE/Volume1/Issue4/IJAE-26.pdf},
	publisher = {cscjournals},
	address = {Instambul, Turkey},
	volume = {1},
	number = {4},
	issue_date = {December 2010},
}

@article{sgd,
	author = {Bottou, {L\'eon}},
	title = {Stochastic Gradient Learning in Neural Networks},
	journal = {Proceedings of Neuro-N\^imes 91},
	year = {1991},
	address = {Nimes, France},
	publisher = {EC2},
	url = {http://leon.bottou.org/papers/bottou-91c},
}

@online{cross_entropy,
	key = {cross-entropy},
	title = {Loss Functions},
	year = {2017},
	cited = {2020/01/05},
	note = {},
	url = {https://ml-cheatsheet.readthedocs.io/en/latest/loss_functions.html}
}


@online{RMSprop,
	author = {Geoff Hinton},
	key = {RMSprop},
	title = {Overview of mini-batch gradient descent},
	publisher = {University of Toronto},
	cited = {2019/01/26},
	url = {https://www.cs.toronto.edu/~tijmen/csc321/slides/lecture_slides_lec6.pdf}
}

@online{multiclass_f1_score,
	key = {f1-score},
	title = {Multi-Class Metrics Made Simple, Part II: the F1-score},
	year = {2019},
	cited = {2020/01/11},
	note = {},
	url = {https://towardsdatascience.com/multi-class-metrics-made-simple-part-ii-the-f1-score-ebe8b2c2ca1}
}

@article{droupout_in_cnns,
	author = {Alex Krizhevsky and Ilya Sutskever and Geoffrey E. Hinton},
	title = {ImageNet Classification with Deep Convolutional
	Neural Networks},
	journal = {Communications of the ACM},
	year = {2017},
	url = {https://dl.acm.org/doi/10.1145/3065386},
	publisher = {ACM},
	address = {Torronto, Canada},
	volume = {60},
	number = {6},
	issue_date = {May 2017},
}


@article{RNN_LSTM,
	title={A Critical Review of Recurrent Neural Networks for Sequence Learning},
	author={Zachary Chase Lipton},
	journal={ArXiv},
	year={2015},
	volume={abs/1506.00019}
}

@article{attention_is_all_you_need,
	author    = {Ashish Vaswani and
	Noam Shazeer and
	Niki Parmar and
	Jakob Uszkoreit and
	Llion Jones and
	Aidan N. Gomez and
	Lukasz Kaiser and
	Illia Polosukhin},
	title     = {Attention Is All You Need},
	journal   = {CoRR},
	volume    = {abs/1706.03762},
	year      = {2017},
	url       = {http://arxiv.org/abs/1706.03762}
}

@article{bert,
	author    = {Jacob Devlin and
	Ming{-}Wei Chang and
	Kenton Lee and
	Kristina Toutanova},
	title     = {{BERT:} Pre-training of Deep Bidirectional Transformers for Language
	Understanding},
	journal   = {CoRR},
	volume    = {abs/1810.04805},
	year      = {2018},
	url       = {http://arxiv.org/abs/1810.04805}
}

@article{GPT2,
	title={Language Models are Unsupervised Multitask Learners},
	author={Alec Radford and Jeffrey Wu and Rewon Child and David Luan and Dario Amodei and Ilya Sutskever},
	year={2019}
}

@online{bert_ithub,
	author = {Jacob Devlin and Ming-Wei Chang},
	key = {BERT},
	title = {BERT},
	publisher = {Google},
	cited = {2019/12/31},
	url = {https://github.com/google-research/bert}
}

@article{training_word2vec,
	author    = {Xin Rong},
	title     = {word2vec Parameter Learning Explained},
	journal   = {CoRR},
	volume    = {abs/1411.2738},
	year      = {2014},
	url       = {http://arxiv.org/abs/1411.2738},
}

@article{elmo,
	author    = {Matthew E. Peters and
	Mark Neumann and
	Mohit Iyyer and
	Matt Gardner and
	Christopher Clark and
	Kenton Lee and
	Luke Zettlemoyer},
	title     = {Deep contextualized word representations},
	journal   = {CoRR},
	volume    = {abs/1802.05365},
	year      = {2018},
	url       = {http://arxiv.org/abs/1802.05365},
}

@article{weighted_averaging_tfidf,
	title = {NILC-USP at SemEval-2017 Task 4: A Multi-view Ensemble for Twitter Sentiment Analysis},
	author = {Corr{\^e}a J{\'u}nior, Edilson Anselmo  and
	Marinh, Vanessa Queiroz  and
	dos Santos Leandro Borges},
	month = {aug},
	year = {2017},
	journal = {NILC-USP},
	address = {Vancouver, Canada},
	publisher = {Association for Computational Linguistics},
	url = {https://www.aclweb.org/anthology/S17-2100},
	pages = {611-615},
}

@article{encoder_decoder,
	author    = {Kyunghyun Cho and
	Bart van Merrienboer and
	{\c{C}}aglar G{\"{u}}l{\c{c}}ehre and
	Fethi Bougares and
	Holger Schwenk and
	Yoshua Bengio},
	title     = {Learning Phrase Representations using {RNN} Encoder-Decoder for Statistical
	Machine Translation},
	journal   = {CoRR},
	volume    = {abs/1406.1078},
	year      = {2014},
	url       = {http://arxiv.org/abs/1406.1078}
}

@article{snli,
	Author = {Samuel R. Bowman and Gabor Angeli and Christopher Potts and Christopher D. Manning},
	journal = {Proceedings of the 2015 Conference on Empirical Methods in Natural Language Processing (EMNLP)},
	Publisher = {Association for Computational Linguistics},
	Title = {A large annotated corpus for learning natural language inference},
	Year = {2015}
}

@online{STSbenchmark,
	key = {http://ixa2.si.ehu.es/stswiki/index.php/STSbenchmark},
	title = {http://ixa2.si.ehu.es/stswiki/index.php/STSbenchmark},
	publisher = {ixa2.si.ehu.es},
	cited = {2020/02/04},
	url = {http://ixa2.si.ehu.es/stswiki/index.php/STSbenchmark}
}

@article{facebook0_unsupervised,
	author = {Sachdev, Saksham and Li, Hongyu and Luan, Sifei and Kim, Seohyun and Sen, Koushik and Chandra, Satish},
	title = {Retrieval on Source Code: A Neural Code Search},
	year = {2018},
	isbn = {9781450358347},
	publisher = {Association for Computing Machinery},
	address = {New York, NY, USA},
	url = {https://doi.org/10.1145/3211346.3211353},
	journal = {Proceedings of the 2nd ACM SIGPLAN International Workshop on Machine Learning and Programming Languages},
	pages = {31â€“41},
	numpages = {11},
	keywords = {word-embedding, code search, TF-IDF},
}

@article{facebook1_supervised,
	author = {Cambronero, Jose and Li, Hongyu and Kim, Seohyun and Sen, Koushik and Chandra, Satish},
	title = {When Deep Learning Met Code Search},
	year = {2019},
	isbn = {9781450355728},
	publisher = {Association for Computing Machinery},
	address = {New York, NY, USA},
	url = {https://doi.org/10.1145/3338906.3340458},
	journal = {Proceedings of the 2019 27th ACM Joint Meeting on European Software Engineering Conference and Symposium on the Foundations of Software Engineering},
	pages = {964â€“974},
	numpages = {11},
	keywords = {joint embedding, neural networks, code search}
}

@article{semBERT,
	title={Semantics-aware BERT for Language Understanding},
	author={Zhuosheng Zhang and Yu-Wei Wu and Zhao Hai and Zuchao Li and Shuailiang Zhang and Xi Zhou and Xiaodong Zhou},
	journal={ArXiv},
	year={2019},
	volume={abs/1909.02209}
}

@article{DSA,
	author    = {Deunsol Yoon and
	Dongbok Lee and
	SangKeun Lee},
	title     = {Dynamic Self-Attention : Computing Attention over Words Dynamically
	for Sentence Embedding},
	journal   = {CoRR},
	volume    = {abs/1808.07383},
	year      = {2018},
	url       = {http://arxiv.org/abs/1808.07383}
}

@article{HBMP,
	author    = {Aarne Talman and
	Anssi Yli{-}Jyr{\"{a}} and
	J{\"{o}}rg Tiedemann},
	title     = {Natural Language Inference with Hierarchical BiLSTM Max Pooling Architecture},
	journal   = {CoRR},
	volume    = {abs/1808.08762},
	year      = {2018},
	url       = {http://arxiv.org/abs/1808.08762},
	archivePrefix = {arXiv}
}

@article{shortcut_stacked_sentence_encoders,
	author    = {Yixin Nie and
	Mohit Bansal},
	title     = {Shortcut-Stacked Sentence Encoders for Multi-Domain Inference},
	journal   = {CoRR},
	volume    = {abs/1708.02312},
	year      = {2017},
	url       = {http://arxiv.org/abs/1708.02312}
}

@article{siamese_nn,
	title={An explanation method for Siamese neural networks},
	author={Lev V. Utkin and Maxim S. Kovalev and Ernest Kasimov},
	journal={ArXiv},
	year={2019},
	volume={abs/1911.07702}
}